@Article{Payne2014,
author="Payne, C.J.
and Yang, Guang-Zhong",
title="Hand-Held Medical Robots",
journal="Annals of Biomedical Engineering",
year="2014",
volume="42",
number="8",
pages="1594--1605"

}@article{Matsuhira2002,
author = { N. Matsuhira  and  M. Jinno  and  T. Miyagawa  and  T. Sunaoshi  and  T. Hato  and  Y. Morikawa  and  T. Furukawa  and  S. Ozawa  and  M. Kitajima  and  K. Nakazawa },
title = {Development of a functional model for a master–slave combined manipulator for laparoscopic surgery},
journal = {Advanced Robotics},
volume = {17},
number = {6},
pages = {523-539},
year = {2003}
}

﻿@Article{Payne2015,
author="C.J. Payne
and H.J. Marcus
and G.Z. Yang",
title="A Smart Haptic Hand-Held Device for Neurosurgical Microdissection",
journal="Annals of Biomedical Engineering",
year="2015",
volume="43",
number="9",
pages="2185--2195",
abstract="Microneurosurgery requires dexterity, precision and delicate force application in order to be carried out safely and effectively. Neurosurgeons must apply sufficient force in order to carry out microsurgical procedures effectively but not excessive force such that iatrogenic injury occurs. This paper presents a smart hand-held microsurgical instrument that indicates to the surgeon when a force-threshold has been exceeded by providing vibrotactile feedback. Many existing haptic-feedback systems, particularly master--slave robotic platforms, are large, highly complex, and costly. By comparison, the proposed device is compact, fail-safe and low cost. Two psychophysical user studies were carried out to assess the proposed vibrotactile force-threshold feedback system. A cadaveric pilot study was carried out to evaluate the device in a microdissection task. In all the studies performed, the haptic dissector device has shown to be effective in providing real-time feedback in terms of force application during microsurgical tasks.",
issn="1573-9686",
doi="10.1007/s10439-015-1258-y",
url="http://dx.doi.org/10.1007/s10439-015-1258-y"
}

@INPROCEEDINGS{Latt2009,
author={W.T. Latt and U.X. Tan and C.Y. Shee and W.T. Ang},
booktitle={2009 IEEE/ASME International Conference on Advanced Intelligent Mechatronics},
title={A compact hand-held active physiological tremor compensation instrument},
year={2009},
pages={711-716},
keywords={micromanipulators;piezoelectric actuators;compact hand-held active physiological tremor compensation instrument;minimal-phase filtering;piezoelectric actuators;Costs;Filtering;Humans;Micromanipulators;Robot sensing systems;Safety;Surgery;Surges;Surgical instruments;Testing},
doi={10.1109/AIM.2009.5229927},
ISSN={2159-6247},
month={July},
}

@INPROCEEDINGS{Fischer2010,
author={M. Fischer and M. Schraufstetter and C. Richter and F. Irlinger and T. C. Lueth},
booktitle={2010 4th International Conference on Pervasive Computing Technologies for Healthcare},
title={Tremor compensation by use of a mechatronic cup holder},
year={2010},
pages={1-8},
keywords={compensation;diseases;handicapped aids;industrial robots;mechatronics;microcontrollers;patient care;robot kinematics;assistive device;compensatory cup holder;industrial robot;inverse kinematics;kinematic structure;linear acceleration;liquid spillage;mechatronic cup holder;mechatronic system;microcontroller;rotational accelerations;tremor compensation;tremor disease;tremor frequency;tremor movements;Acceleration;Actuators;Control systems;Electrical equipment industry;Frequency;Humans;Kinematics;Mechatronics;Parkinson's disease;Springs;assistive device;compensation;cup holder;mechatronic;tremor disease},
doi={10.4108/ICST.PERVASIVEHEALTH2010.8885},
ISSN={2153-1633},
month={March},
}

﻿@INCOLLECTION{Echtler2004,
author="F. Echtler
and F.Sturm
and K.Kindermann",
title="The Intelligent Welding Gun: Augmented Reality for Experimental Vehicle Construction",
booktitle="Virtual and Augmented Reality Applications in Manufacturing",
year="2004",
publisher="Springer London",
address="London",
pages="333--360",
}

@INPROCEEDINGS{GreggSmithDesign,
author={A. Gregg-Smith and W.W. Mayol-Cuevas},
booktitle={2015 IEEE International Conference on Robotics and Automation (ICRA)},
title={The design and evaluation of a cooperative handheld robot},
year={2015},
pages={1968-1975},
keywords={end effectors;feedback;human-robot interaction;statistical analysis;ANOVA;cooperative handheld robot;feedback;interaction mechanisms;lightweight robotic platform;personal robot;robot end effector;Kernel;Paints;Pulleys;Robot sensing systems;Servomotors;Wires},
doi={10.1109/ICRA.2015.7139456},
ISSN={1050-4729},
month={May},}

@INPROCEEDINGS{Yoon2009,
author={H.S. Yoon and B.J. Yi},
booktitle={2009 International Conference on Mechatronics and Automation},
title={A 4-DOF flexible continuum robot using a spring backbone},
year={2009},
pages={1249-1254},
keywords={continuum mechanics;dexterous manipulators;path planning;springs (mechanical);4-DOF flexible continuum robot;backdrivability;continuum mechanism kinematics;flexibility;motion planning algorithm;spring backbone;Engine cylinders;Humans;Kinematics;Medical robotics;Robotics and automation;Robots;Safety;Spine;Springs;Wires;Continuum;Safety;Spring backbone},
doi={10.1109/ICMA.2009.5246612},
ISSN={2152-7431},
month={Aug},}

@INPROCEEDINGS{GreggSmithKinematics,
title = "Inverse Kinematics and Design of a Novel 6-DoF Handheld Robot Arm",
keywords = "Handheld Robotics, Cooperative Robotics, Inverse Kinematics",
author = "A. Gregg-Smith and W.W. Mayol-Cuevas",
year = "2016",
month = {February},
series = "ICRA Proceedings",
publisher = "IEEE",
booktitle = "IEEE International Conference on Robotics and Automation (ICRA)",
}

@INPROCEEDINGS{Horigome2014,
author={A. Horigome and H. Yamada and G. Endo and S. Sen and S. Hirose and E.F. Fukushima},
booktitle={2014 IEEE International Conference on Robotics and Automation (ICRA)},
title={Development of a coupled tendon-driven 3D multi-joint manipulator},
year={2014},
pages={5915-5920},
keywords={containers;fission reactor decommissioning;manipulators;motion control;nuclear power stations;arm motion control;arm tip;compact storage method;coupled tendon-driven 3D multijoint manipulator;coupled tendon-driven mechanism;decommissioning work;electronic devices;joint arrangement;large joint torque;mechanical design;mini 3D CT-arm;nuclear reactor container;preliminary mechanical prototype;radiation hardened sensors;snake-like robotic arms;tendon-driven system;three dimensional motion;two dimensional motion;Joints;Manipulators;Pulleys;Three-dimensional displays;Torque;Wires},
doi={10.1109/ICRA.2014.6907730},
ISSN={1050-4729},
month={May},
}

@INCOLLECTION{GreggSmithFeedback,
title = "Investigating Spatial Guidance For a Cooperative Handheld Robot",
keywords = "Handheld Robotics, Cooperative Robotics, Spatial Guidance, Augmented Reality, Virtual reality",
author = "A. Gregg-Smith and W.W. Mayol-Cuevas",
year = "2016",
month = {February},
booktitle = "IEEE International Conference on Robotics and Automation (ICRA)",
publisher = "IEEE",
}

@misc{DYNAMIXEL,
  title = {{Dynamixel} MX-64T E-Manual},
  howpublished = {\url{http://support.robotis.com/en/product/dynamixel/mx_series/mx-64.htm}},
  note = {Accessed: 2016-04-20}
}

@article{Petersen2011,
  title={Termes: An autonomous robotic system for three-dimensional collective construction},
  author={Petersen, K. and Nagpal, R. and Werfel, J.},
  journal={Proc. Robotics: Science \& Systems VII},
  year={2011}
}

@inproceedings{Anderson2010,
  title={Semi-autonomous avoidance of moving hazards for passenger vehicles},
  author={Anderson, S.J. and Peters, S.C. and Pilutti, T.E. and Tseng,  E.H. and Iagnemma, K.},
  booktitle={ASME 2010 Dynamic Systems and Control Conference},
  pages={141--148},
  year={2010},
  organization={American Society of Mechanical Engineers}
}

@inproceedings{Haddadin2007,
  title={Safety Evaluation of Physical Human-Robot Interaction via Crash-Testing.},
  author={Haddadin, S. and Albu-Sch{\"a}ffer, A. and Hirzinger, G.}
  organization={Institute of Robotics and Mechatronics}
}

@misc{ISOGuards,
  author="EN953",
  title="Safety of Machinery - Guards - General Requirements for the
        Design and Construction of fixed and movable Guards",
  year={1997}
}

@INPROCEEDINGS{Ott2006,
author={C. Ott and O. Eiberger and W. Friedl and B. Bauml and U. Hillenbrand and C. Borst and A. Albu-Schaffer and B. Brunner and H. Hirschmuller and S. Kielhofer and R. Konietschke and M. Suppa and T. Wimbock and F. Zacharias and G. Hirzinger},
booktitle={2006 6th IEEE-RAS International Conference on Humanoid Robots},
title={A Humanoid Two-Arm System for Dexterous Manipulation},
year={2006},
pages={276-283},
keywords={dexterous manipulators;humanoid robots;robot vision;software architecture;DLR-Hand-II;DLR-Lightweight-Robot-III;dexterous manipulation;humanoid two-arm system;movable torso;robot vision;scene analysis;software architecture;visual system;Arm;Control systems;Humanoid robots;Humans;Image analysis;Mechatronics;Software architecture;Torso;Unified modeling language;Visual system},
doi={10.1109/ICHR.2006.321397},
ISSN={2164-0572},
month={Dec},}

@incollection{heger2006,
  title={Sliding autonomy for complex coordinated multi-robot tasks: Analysis \& experiments},
  author={F.W. Heger and S. Singh},
  year={2006}
  booktitle="Robotics: Science and Systems II (R:SS)"
}

@inproceedings{Dorais1999,
  title={Adjustable autonomy for human-centered autonomous systems},
  author={Dorais, G. and Bonasso, R.P. and Kortenkamp, D. and Pell, B. and Schreckenghost, D.}
  booktitle={Mars Society Conference}
  year={1999}
}

@article{tambe2002,
  title={Adjustable autonomy for the real world},
  author={Tambe, M. and Scerri, P. and Pynadath, D.V.},
  year={2002},
  journal={Journal of Artificial Intelligence Research},
  volume = {17},
  number = {1},
  pages = {171-228}
}

@ARTICLE{Poncela2009,
author={A. Poncela and C. Urdiales and E. J. Perez and F. Sandoval},
journal={IEEE Transactions on Systems, Man, and Cybernetics - Part A: Systems and Humans},
title={A New Efficiency-Weighted Strategy for Continuous Human/Robot Cooperation in Navigation},
year={2009},
volume={39},
number={3},
pages={486-500},
month={May}
}

@phdthesis{Chipalkatty2012,
author={R. Chipalkatty},
title={Human-In-The-Loop Control For Cooperative Human-Robot Tasks},
school={Georgia Institute of Technology},
month={May},
year={2012}
}

@misc{handheldrobotics,
  title = {\url{http://handheldrobotics.org}},
}


@inproceedings{werfel2006,
  title={Distributed construction by mobile robots with enhanced building blocks},
  author={Werfel, J. and Bar-Yam, Y. and Rus, D. and Nagpal, R.},
  booktitle={Robotics and Automation, 2006. ICRA 2006. Proceedings 2006 IEEE International Conference on},
  pages={2787--2794},
  year={2006},
  organization={IEEE}
}

@ARTICLE{Arkin1990,
author={R.C. Arkin and R.R. Murphy},
journal={IEEE Transactions on Robotics and Automation},
title={Autonomous navigation in a manufacturing environment},
year={1990},
volume={6},
number={4},
pages={445-454},
keywords={artificial intelligence;automatic guided vehicles;computerised navigation;flexible manufacturing systems;mobile robots;AGV;AuRA;FMS;automatic guided vehicles;autonomous navigation;autonomous robot architecture;flexible manufacturing systems;intelligent mobility;mobile robots;Cables;Computer integrated manufacturing;Employment;Flexible manufacturing systems;Manufacturing automation;Materials handling;Mobile robots;Navigation;Remotely operated vehicles;Robotics and automation},
doi={10.1109/70.59355},
ISSN={1042-296X},
month={Aug},}

@article{fitts1954,
  title={The information capacity of the human motor system in controlling the amplitude of movement.},
  author={Fitts, P.M.},
  journal={Journal of experimental psychology},
  volume={47},
  number={6},
  pages={381},
  year={1954},
  publisher={American Psychological Association}
}

@article{Cha2013,
title = "Extended Fitts' law for 3D pointing tasks using 3D target arrangements ",
journal = "International Journal of Industrial Ergonomics ",
volume = "43",
number = "4",
pages = "350 - 355",
year = "2013",
note = "",
issn = "0169-8141",
doi = "http://dx.doi.org/10.1016/j.ergon.2013.05.005",
url = "http://www.sciencedirect.com/science/article/pii/S0169814113000723",
author = "Y. Cha and R. Myung",
}

@article{soukoreff2004,
  title={Towards a standard for pointing device evaluation, perspectives on 27 years of Fitts’ law research in HCI},
  author={Soukoreff, R.W. and MacKenzie, I.S.},
  journal={International journal of human-computer studies},
  volume={61},
  number={6},
  pages={751--789},
  year={2004},
  publisher={Elsevier}
}

@article{MOTOYUKI1995,
author = { M. Akamatsu  and  I.S. Mackenzie  and  T. Hasbroucq},
title = {A comparison of tactile, auditory, and visual feedback in a pointing task using a mouse-type device},
journal = {Ergonomics},
volume = {38},
number = {4},
pages = {816-827},
year = {1995},
}

@article{Gammell2014,
  title={Informed RRT*: Optimal sampling-based path planning focused via direct sampling of an admissible ellipsoidal heuristic},
  author={Gammell, J.D. and Srinivasa, S.S and Barfoot, T.D.},
  journal={arXiv preprint arXiv:1404.2334},
  year={2014}
}

@article{Aristidou2011,
title = "FABRIK: A fast, iterative solver for the Inverse Kinematics problem ",
journal = "Graphical Models ",
volume = "73",
number = "5",
pages = "243 - 260",
year = "2011",
note = "",
issn = "1524-0703",
doi = "http://dx.doi.org/10.1016/j.gmod.2011.05.003",
url = "http://www.sciencedirect.com/science/article/pii/S1524070311000178",
author = "A. Aristidou and J. Lasenby",

}

@inproceedings{lenz2011,
  title={Human workflow analysis using 3D occupancy grid hand tracking in a human-robot collaboration scenario},
  author={Lenz, C. and Sotzek, A. and R{\"o}der, T. and Radrich, H. and Knoll, A. and Huber, M. and Glasauer, S.},
  booktitle={Intelligent Robots and Systems (IROS), 2011 IEEE/RSJ International Conference on},
  pages={3375--3380},
  year={2011},
  organization={IEEE}
}

@article{buss2010,
  title={CoTeSys—cognition for technical systems},
  author={Buss, M. and Beetz, M.},
  journal={KI-K{\"u}nstliche Intelligenz},
  volume={24},
  number={4},
  pages={323--327},
  year={2010},
  publisher={Springer}
}

@inproceedings{huber2010,
  title={When to assist?-Modelling human behaviour for hybrid assembly systems},
  author={Huber, M. and Knoll, A. and Brandt, T. and Glasauer, S.},
  booktitle={Robotics (ISR), 2010 41st International Symposium on and 2010 6th German Conference on Robotics (ROBOTIK)},
  pages={1--6},
  year={2010},
  organization={VDE}
}

@incollection{lukowicz2004,
  title={Recognizing workshop activity using body worn microphones and accelerometers},
  author={Lukowicz, P. and Ward, J.A. and Junker, H. and St{\"a}ger, M. and Tr{\"o}ster, G. and Atrash, A. and Starner, T.},
  booktitle={Pervasive Computing},
  pages={18--32},
  year={2004},
  publisher={Springer}
}

@article{elfes1989,
  title={Using occupancy grids for mobile robot perception and navigation},
  author={Elfes, A.},
  journal={Computer},
  volume={22},
  number={6},
  pages={46--57},
  year={1989},
  publisher={IEEE}
}

@INPROCEEDINGS{mellinger2011,
author={D. Mellinger and Q. Lindsey and M. Shomin and V. Kumar},
booktitle={2011 IEEE/RSJ International Conference on Intelligent Robots and Systems},
title={Design, modeling, estimation and control for aerial grasping and manipulation},
year={2011},
pages={2668-2673},
keywords={Aerodynamics;Equations;Force;Grippers;Payloads;Robots;Vectors},
doi={10.1109/IROS.2011.6094871},
ISSN={2153-0858},
month={Sept},}

@inproceedings{cano2013,
  title={Mechanical design of a 6-DOF aerial manipulator for assembling bar structures using UAVs},
  author={Cano, R. and P{\'e}rez, C. and Pruano, F. and Ollero, A. and Heredia, G.},
  booktitle={2nd RED-UAS 2013 Workshop on Research, Education and Development of Unmanned Aerial Systems},
  year={2013}
}

@inproceedings{latteur2015,
  title={Drone-Based Additive Manufacturing of Architectural Structures},
  author={Latteur, P. and Goessens, S. and Breton, J. and Leplat, J. and Ma, Z. and Mueller, C.}
  year={2015},
  booktitle={Proceedings of the Inernational Association for Shell and Spatial Structures Symposium 2015},
  organization={IASS}
}

@article{hart1988,
  title={Development of NASA-TLX (Task Load Index): Results of empirical and theoretical research},
  author={Hart, S.G. and Staveland, L.E.},
  journal={Advances in psychology},
  volume={52},
  pages={139--183},
  year={1988},
  publisher={Elsevier}
}

@misc{natnet2016,
title = {NatNet API User's Guide version 2.10.0},
author = {Natural Point Optitrack},
year = {2016},
month = {May}
}

@article{butterworth2003,
  title={Pointing is the royal road to language for babies},
  author={Butterworth, G.},
  journal={Pointing: Where language, culture, and cognition meet},
  pages={9--33},
  year={2003}
}

@misc{3drotation,
title = {Rotation About an Arbitraty Axis in 3 Dimensions},
author = {Murray, G.},
note = {Accessed: 2016-09-08},
year = {2013},
month = {June},
howpublished = {\url{http://inside.mines.edu/fs_home/gmurray/ArbitraryAxisRotation/}}
}

@misc{OptiTrackSite,
title = {OptiTrack V120:Duo Product page},
author = {Natural Point},
note = {Accessed: 2016-09-08},
howpublised = {\url{http://optitrack.com/products/v120-duo/}}
}

@misc{duoDataSheet,
title = {OptiTrack V120 Duo \& Trio datasheet},
author = {optitrack.com}
}

@phdthesis{GreggSmithPhd,
title = {Cooperative Handheld Robots},
author = {Gregg-Smith. A},
note = {unpublished thesis},
year = {2016}
}

@article{nadaraya1964,
  title={On estimating regression},
  author={Nadaraya, E.},
  journal={Theory of Probability \& Its Applications},
  volume={9},
  number={1},
  pages={141--142},
  year={1964},
  publisher={SIAM}
}

@article{mohamad2013,
  title={Standardization and its effects on k-means clustering algorithm},
  author={Mohamad, I. and Usman, D.},
  journal={Res. J. Appl. Sci. Eng. Technol},
  volume={6},
  number={17},
  pages={3299--3303},
  year={2013}
}

@inproceedings{godage2011,
  title={Shape function-based kinematics and dynamics for variable length continuum robotic arms},
  author={Godage, I.S. and Branson, D.T. and Guglielmino, E. and Medrano-Cerda, G.A. and Caldwell, D.G},
  booktitle={Robotics and Automation (ICRA), 2011 IEEE International Conference on},
  pages={452--457},
  year={2011},
  organization={IEEE}
}

@inproceedings{zhang2011,
  title={Inverse kinematics of modular cable-driven snake-like robots with flexible backbones},
  author={Zhang, Z. and Yang, G.and Yeo, S.H.},
  booktitle={2011 IEEE 5th International Conference on Robotics, Automation and Mechatronics (RAM)},
  pages={41--46},
  year={2011},
  organization={IEEE}
}

@inproceedings{reinecke2016,
  title={A structurally flexible humanoid spine based on a tendon-driven elastic continuum},
  author={Reinecke, J. and Deutschmann, B. and Fehrenbach, D.},
  booktitle={2016 IEEE International Conference on Robotics and Automation (ICRA)},
  pages={4714--4721},
  year={2016},
  organization={IEEE}
}

@article{li2002,
  title={Design of continuous backbone, cable-driven robots},
  author={Li, C. and Rahn, C.D.},
  journal={Journal of Mechanical Design},
  volume={124},
  number={2},
  pages={265--271},
  year={2002},
  publisher={American Society of Mechanical Engineers}
}

@article{webster2010,
  title={Design and kinematic modeling of constant curvature continuum robots: A review},
  author={Webster, R.J. and Jones, B.A.},
  journal={The International Journal of Robotics Research},
  year={2010},
  publisher={SAGE Publications}
}

@inproceedings{yoon2009,
  title={A 4-DOF flexible continuum robot using a spring backbone},
  author={Yoon, H.S. and Yi, B.J.},
  booktitle={2009 International Conference on Mechatronics and Automation},
  pages={1249--1254},
  year={2009},
  organization={IEEE}
}

@article{anderson1967,
  title={Tensor arm manipulator design},
  author={Anderson, V. and Horn, R.},
  journal={ASME Transactions},
  pages={1-12},
  number= {2},
  volume={67-DE-57}
}
  
@article{hirose1993,
title = "Biologically Inspired Robots, Snake-Like Locomotors and Manipulators",
publisher = "Oxfod University Press",
address = "Oxford, UK",
author = "Hirose, S.",
year = "1993",
}

@article{camarillo2008,
  title={Mechanics modeling of tendon-driven continuum manipulators},
  author={Camarillo, D.B. and Milne, C.F. and Carlson, C.R. and Zinn, M.R. and Salisbury, J.K.},
  journal={IEEE Transactions on Robotics},
  volume={24},
  number={6},
  pages={1262--1273},
  year={2008},
  publisher={IEEE}
}